<?xml version="1.0" encoding="UTF-8"?><collection xmlns="http://www.loc.gov/MARC21/slim"><record><leader>00393nam--2200121-i-4500</leader><controlfield tag="001">000038445</controlfield><controlfield tag="002">20161230</controlfield><controlfield tag="005">20161230201041</controlfield><controlfield tag="008">060222s1000------------r-----000-0-eng-d</controlfield><datafield ind1=" " ind2=" " tag="080"><subfield code="a">621.311:62-78</subfield></datafield><datafield ind1=" " ind2=" " tag="245"><subfield code="a">Recueil de normes de securite de la cei contenent toutes les normes de securite fondamentales de la cei</subfield></datafield><datafield ind1=" " ind2=" " tag="260"><subfield code="a">Gseneva, Commissiion Electrotechnique Int., 1985. 526 P</subfield></datafield><datafield ind1=" " ind2=" " tag="852"><subfield code="a">73939</subfield></datafield></record></collection>